@article{de2008higher,
  title={Higher-Order Unification: A structural relation between Huet's method and the one based on explicit substitutions},
  author={de Moura, Fl{\'a}vio LC and Ayala-Rinc{\'o}n, Mauricio and Kamareddine, Fairouz},
  journal={Journal of Applied Logic},
  volume={6},
  number={1},
  pages={72--108},
  year={2008},
  publish={Elsevier}
}

@inproceedings{dowek1995higher,
  title={Higher-order unification via explicit substitutions},
  author={Dowek, Gilles and Hardin, Th{\'e}rese and Kirchner, Claude},
  booktitle={Logic in Computer Science, 1995. LICS'95. Proceedings., Tenth Annual IEEE Symposium on},
  pages={366--374},
  year={1995},
  organization={IEEE}
}

@inproceedings{dowek1996unification,
  title={Unification via Explicit Substitutions: The Case of Higher-Order Patterns.},
  author={Dowek, Gilles and Hardin, Th{\'e}rese and Kirchner, Claude and Pfenning, Frank},
  booktitle={JICSLP},
  pages={259--273},
  year={1996}
}

@article{huet1975unification,
  title={A unification algorithm for typed $\lambda$-calculus},
  author={Huet, Gerard P.},
  journal={Theoretical Computer Science},
  volume={1},
  number={1},
  pages={27--57},
  year={1975},
  publisher={Elsevier}
}

@article{robinson1965machine,
  title={A machine-oriented logic based on the resolution principle},
  author={Robinson, John Alan},
  journal={Journal of the ACM (JACM)},
  volume={12},
  number={1},
  pages={23--41},
  year={1965},
  publisher={ACM}
}

@article{robinson1971computational,
  title={Computational logic: The unification computation},
  author={Robinson, J Alan},
  journal={Machine intelligence},
  volume={6},
  number={63-72},
  pages={10--1},
  year={1971}
}